%art\'iculos
@article{pandey2014oxidative, 
	title={Oxidative stress mediated ageing in non orthodox seeds involvement of ROS scavenging enzymes telomeres and telomerase}, 
	author={Pandey, Vimal Kumar}, 
	year={2014}, 
	publisher={Raipur},
	journal={Raipur}
	}
@article{blokhina2003antioxidants, 
	title={Antioxidants, oxidative damage and oxygen deprivation stress: a review}, 
	author={Blokhina, Olga and Virolainen, Eija and Fagerstedt, Kurt V}, 
	journal={Annals of botany}, 
	volume={91}, 
	number={2}, 
	pages={179--194}, 
	year={2003}, 
	publisher={Oxford University Press} 
}

@article{rinalducci2008redox, 
	title={Redox proteomics: basic principles and future perspectives for the detection of protein oxidation in plants}, 
	author={Rinalducci, Sara and Murgiano, Leonardo and Zolla, Lello}, 
	journal={Journal of Experimental Botany}, 
	volume={59}, 
	number={14}, 
	pages={3781--3801}, 
	year={2008}, 
	publisher={Oxford University Press} 
}

@article{apel2004reactive, 
	title={Reactive oxygen species: metabolism, oxidative stress, and signal transduction}, 
	author={Apel, Klaus and Hirt, Heribert}, 
	journal={Annu. Rev. Plant Biol.}, 
	volume={55}, 
	pages={373--399}, 
	year={2004}, 
	publisher={Annual Reviews}
}

@article{triantaphylides2009singlet, 
	title={Singlet oxygen in plants: production, detoxification and signaling}, 
	author={Triantaphylid{\`e}s, Christian and Havaux, Michel}, 
	journal={Trends in plant science}, 
	volume={14}, 
	number={4}, 
	pages={219--228}, 
	year={2009}, 
	publisher={Elsevier
	} 
	
@article{dat2000active, 
	title={Active oxygen species and catalase during plant stress response}, 
	author={Dat, J and Van Breusegerm, F and Vandenabeele, S and Vranova, E and Van Montagu, M and Inze, D}, 
	journal={Cell Mol Life Sci}, 
	volume={57}, 
	pages={779--786}, 
	year={2000} 
}

@article{gechev2006reactive, 
	title={Reactive oxygen species as signals that modulate plant stress responses and programmed cell death}, 
	author={Gechev, Tsanko S and Van Breusegem, Frank and Stone, Julie M and Denev, Iliya and Laloi, Christophe}, 
	journal={Bioessays}, 
	volume={28}, 
	number={11}, 
	pages={1091--1101}, 
	year={2006}, 
	publisher={Wiley Online Library} 
}

@article{bradford1976rapid, 
	title={A rapid and sensitive method for the quantitation of microgram quantities of protein utilizing the principle of protein-dye binding}, 
	author={Bradford, Marion M}, 
	journal={Analytical biochemistry}, 
	volume={72}, 
	number={1-2}, 
	pages={248--254}, 
	year={1976}, 
	publisher={Elsevier} 
	}
	
@article{grove1979brassinolide, 
	title={Brassinolide, a plant growth-promoting steroid isolated from Brassica napus pollen}, 
	author={Grove, Michael D and Spencer, Gayland F and Rohwedder, William K and Mandava, Nagabhushanam and Worley, Joseph F and Warthen, J David and Steffens, George L and Flippen-Anderson, Judith L and Cook, J Carter}, 
	journal={Nature}, 
	volume={281}, 
	number={5728}, 
	pages={216--217}, 
	year={1979}, 
	publisher={Nature Publishing Group} 
}
	
@article{lei2017structure, 
	title={Structure based in silico identification of potentially non-steroidal brassinosteroids mimics}, 
	author={Lei, Beilei and Heng, Ningjuan and Dang, Xiaoxue and Liu, Jiyuan and Yao, Xiaojun and Zhang, Cunli}, 
	journal={Molecular BioSystems}, 
	volume={13}, 
	number={7}, 
	pages={1364--1369}, 
	year={2017}, 
	publisher={Royal Society of Chemistry}
	}
	
@article{moreno2018silico, 
	title={In silico identification of new potentially active brassinosteroid analogues}, 
	author={Moreno-Castillo, Elena and Ram{\'\i}rez-Echemend{\'\i}a, Daniel P and Hern{\'a}ndez-Campoalegre, Giselle and Mesa-Tejeda, Dayana and Coll-Manchado, Francisco and Coll-Garc{\'\i}a, Yamilet}, 
	journal={Steroids}, 
	volume={138}, 
	pages={35--42}, 
	year={2018}, 
	publisher={Elsevier} 
	}
	
@article{clouse2015history, 
	title={A history of brassinosteroid research from 1970 through 2005: thirty-five years of phytochemistry, physiology, genes, and mutants}, 
	author={Clouse, Steven D}, 
	journal={Journal of plant growth regulation}, 
	volume={34}, 
	number={4}, 
	pages={828--844}, 
	year={2015}, 
	publisher={Springer} 
	}

@article{mitchell1970brassins, 
	title={Brassins—a new family of plant hormones from rape pollen}, 
	author={Mitchell, JW and Mandava, N and Worley, JF and Plimmer, JR and Smith, MV}, 
	journal={Nature}, 
	volume={225}, 
	number={5237}, 
	pages={1065--1066}, 
	year={1970}, 
	publisher={Nature Publishing Group} 
	}

@article{karlova2006advances, 
	title={Advances in understanding brassinosteroid signaling}, 
	author={Karlova, Rumyana and de Vries, Sacco C}, 
	journal={Science's STKE}, 
	volume={2006}, 
	number={354}, 
	pages={pe36--pe36}, 
	year={2006}, 
	publisher={American Association for the Advancement of Science} 
	}

@article{belkhadir2006brassinosteroid, 
	title={Brassinosteroid signaling: a paradigm for steroid hormone signaling from the cell surface}, 
	author={Belkhadir, Youssef and Chory, Joanne}, 
	journal={Science}, 
	volume={314}, 
	number={5804}, 
	pages={1410--1411}, 
	year={2006}, 
	publisher={American Association for the Advancement of Science} 
	}

@article{hernandez2016brasinoesteroides, 
	title={Brasinoesteroides en la agricultura. I}, 
	author={Hern{\'a}ndez Silva, Eduardo and Garc{\'\i}a-Mart{\'\i}nez, Ignacio}, 
	journal={Revista mexicana de ciencias agr{\'\i}colas}, 
	volume={7}, 
	number={2}, 
	pages={441--450}, 
	year={2016}, 
	publisher={Instituto Nacional de Investigaciones Forestales, Agr{\'\i}colas y Pecuarias} 
	}

@article{choudhury2013reactive, 
	title={Reactive oxygen species signaling in plants under abiotic stress}, 
	author={Choudhury, Shuvasish and Panda, Piyalee and Sahoo, Lingaraj and Panda, Sanjib Kumar}, 
	journal={Plant signaling \& behavior}, 
	volume={8}, 
	number={4}, 
	pages={e23681}, 
	year={2013}, 
	publisher={Taylor \& Francis} 
	}

@article{halliwell2006reactive, 
	title={Reactive species and antioxidants. Redox biology is a fundamental theme of aerobic life}, 
	author={Halliwell, Barry}, 
	journal={Plant physiology}, 
	volume={141}, 
	number={2}, 
	pages={312--322}, 
	year={2006}, 
	publisher={Am Soc Plant Biol} 
	}

@article{peralta2012defensa, 
	title={La defensa antioxidante en las plantas: una herramienta clave para la fitorremediaci{\'o}n}, 
	author={Peralta-P{\'e}rez, M del R and Volke-Sep{\'u}lveda, TL}, 
	journal={Revista mexicana de ingenier{\'\i}a qu{\'\i}mica}, 
	volume={11}, 
	number={1}, 
	pages={75--88}, 
	year={2012}, 
	publisher={UAM, Unidad Iztapalapa, Divisi{\'o}n de Ciencias B{\'a}sicas e Ingenier{\'\i}a} 
	}

@article{petrov2015ros, 
	title={ROS-mediated abiotic stress-induced programmed cell death in plants}, 
	author={Petrov, Veselin and Hille, Jacques and Mueller-Roeber, Bernd and Gechev, Tsanko S}, 
	journal={Frontiers in plant science}, 
	volume={6}, 
	pages={69}, 
	year={2015}, 
	publisher={Frontiers} 
	}

@article{wassim2013putative, 
	title={Putative role of proteins involved in detoxification of reactive oxygen species in the early response to gravitropic stimulation of poplar stems}, 
	author={Wassim, Azri and Ichrak, Ben Rejeb and Sa{\"\i}da, Ammar}, 
	journal={Plant signaling \& behavior}, 
	volume={8}, 
	number={1}, 
	pages={e22411}, 
	year={2013}, 
	publisher={Taylor \& Francis} 
	}



@article{xie2019roles, 
	title={The roles of environmental factors in regulation of oxidative stress in plant}, 
	author={Xie, Xiulan and He, Zhouqing and Chen, Nifan and Tang, Zizhong and Wang, Qiang and Cai, Yi}, 
	journal={BioMed research international}, 
	volume={2019}, 
	year={2019}, 
	publisher={Hindawi} 
	}

@article{moller2007oxidative, 
	title={Oxidative modifications to cellular components in plants}, 
	author={M{\o}ller, Ian M and Jensen, Poul Erik and Hansson, Andreas}, 
	journal={Annu. Rev. Plant Biol.}, 
	volume={58}, 
	pages={459--481}, 
	year={2007}, 
	publisher={Annual Reviews} 
	}

@article{mittler2002oxidative, 
	title={Oxidative stress, antioxidants and stress tolerance}, 
	author={Mittler, Ron}, 
	journal={Trends in plant science}, 
	volume={7}, 
	number={9}, 
	pages={405--410}, 
	year={2002}, 
	publisher={Elsevier} 
	}

@article{sharma2009relationship, 
	title={The relationship between metal toxicity and cellular redox imbalance}, 
	author={Sharma, Shanti S and Dietz, Karl-Josef}, 
	journal={Trends in plant science}, 
	volume={14}, 
	number={1}, 
	pages={43--50}, 
	year={2009}, 
	publisher={Elsevier} 
	}

@article{gill2010reactive,
	title={Reactive oxygen species and antioxidant machinery in abiotic stress tolerance in crop plants}, 
	author={Gill, Sarvajeet Singh and Tuteja, Narendra}, 
	journal={Plant physiology and biochemistry}, 
	volume={48}, 
	number={12}, 
	pages={909--930}, 
	year={2010}, 
	publisher={Elsevier} 
	}

@article{imlay2008cellular, 
	title={Cellular defenses against superoxide and hydrogen peroxide}, 
	author={Imlay, James A}, 
	journal={Annu. Rev. Biochem.}, 
	volume={77}, 
	pages={755--776}, 
	year={2008}, 
	publisher={Annual Reviews} 
	}

@article{compton1985mechanism, 
	title={Mechanism of dye response and interference in the Bradford protein assay}, 
	author={Compton, Steve J and Jones, Clive G}, 
	journal={Analytical biochemistry}, 
	volume={151}, 
	number={2}, 
	pages={369--374}, 
	year={1985}, 
	publisher={Elsevier} 
	}

@article{congdon1993binding, 
	title={The binding interaction of Coomassie blue with proteins}, 
	author={Congdon, Robert W and Muth, Gregory W and Splittgerber, Allan G}, 
	journal={Analytical biochemistry}, 
	volume={213}, 
	number={2}, 
	pages={407--413}, 
	year={1993}, 
	publisher={Elsevier} 
	}

@article{friedenauer1989sensitivity, 
	title={Sensitivity and variability of the Bradford protein assay in the presence of detergents}, 
	author={Friedenauer, Susanne and Berlet, Hans H}, 
	journal={Analytical biochemistry}, 
	volume={178}, 
	number={2}, 
	pages={263--268}, 
	year={1989}, 
	publisher={Elsevier} 
	}

@article{read1981minimization, 
	title={Minimization of variation in the response to different proteins of the Coomassie blue G dye-binding assay for protein}, 
	author={Read, S Mꎬ and Northcote, DH}, 
	journal={Analytical biochemistry}, 
	volume={116}, 
	number={1}, 
	pages={53--64}, 
	year={1981}, 
	publisher={Elsevier} 
	}

@article{stoscheck1990increased, 
	title={Increased uniformity in the response of the Coomassie blue G protein assay to different proteins}, 
	author={Stoscheck, Christa M}, 
	journal={Analytical biochemistry}, 
	volume={184}, 
	number={1}, 
	pages={111--116}, 
	year={1990}, 
	publisher={Elsevier} 
	}

@article{muthukumarasamy2000enhancement, 
	title={Enhancement of peroxidase, polyphenol oxidase and superoxide dismutase activities by triadimefon in NaCl stressed Raphanus sativus L.}, 
	author={Muthukumarasamy, M and Gupta, S Dutta and Panneerselvam, R}, 
	journal={Biologia Plantarum}, 
	volume={43}, 
	number={2}, 
	pages={317--320}, 
	year={2000}, 
	publisher={Springer} 
	}

@article{burgass1984evidence, 
	title={Evidence for repair processes in the invigoration of seeds by hydration}, 
	author={Burgass, RW and Powell, ALISON A}, 
	journal={Annals of botany}, 
	volume={53}, 
	number={5}, 
	pages={753--757}, 
	year={1984}, 
	publisher={Oxford University Press} 
	}

@article{bradford1986manipulation, 
	title={Manipulation of seed water relations via osmotic priming to improve germination under stress conditions}, 
	author={Bradford, Kent J}, 
	journal={HortScience (USA)}, 
	year={1986} 
	}

@article{mcdonald2000seed, 
	title={Seed priming}, 
	author={McDonald, Miller B}, 
	journal={Seed technology and its biological basis. Sheffield Academic Press, Sheffield}, 
	pages={287--325}, 
	year={2000} 
	}

@article{taylor1998seed, 
	title={Seed enhancements}, 
	author={Taylor, AG and Allen, PS and Bennett, MA and Bradford, KJ and Burris, JS and Misra, MK}, 
	journal={Seed science research}, 
	volume={8}, 
	number={2}, 
	pages={245--256}, 
	year={1998}, 
	publisher={Cambridge University Press} 
	}

@article{baquero2005catalase, 
	title={Catalase, Peroxidase and Polyphenoloxidase from Pitaya Amarilla (Acanthocereus pitajaya) Fruits: Ripening and Senescense}, 
	author={Baquero Duarte, Luc{\'i}a Estrella and Castro Rivera, Jhon Alexander and Narv{\'a}ez Cuenca, Carlos Eduardo}, 
	journal={Acta Biol{\'o}gica Colombiana}, 
	volume={10}, 
	number={2}, 
	pages={49--60}, 
	year={2005}, 
	publisher={Universidad Nacional de Colombia} 
	}

@article{sala1999catalase, 
	title={Catalase in the heat-induced chilling tolerance of cold-stored hybrid Fortune mandarin fruits}, 
	author={Sala, Jos{\'e} M and Lafuente, Maria T}, 
	journal={Journal of Agricultural and Food Chemistry}, 
	volume={47}, 
	number={6}, 
	pages={2410--2414}, 
	year={1999}, 
	publisher={ACS Publications} 
	}

@article{camelo2004polifenoloxidasa, 
	title={Polifenoloxidasa y peroxidasa de pulpa de uva caimarona (Pourouma cecropiifolia)}, 
	author={Camelo, {\'A}ngela Patricia Rivera and Restrepo, Patricia and Cuenca, Carlos Eduardo Narvaez}, 
	journal={Revista Colombiana de qu{\'\i}mica}, 
	volume={33}, 
	number={1}, 
	pages={57--66}, 
	year={2004} 
	}

@article{marklund1974involvement, 
	title={Involvement of the superoxide anion radical in the autoxidation of pyrogallol and a convenient assay for superoxide dismutase}, 
	author={Marklund, Stefan and Marklund, Gudrun}, 
	journal={European journal of biochemistry}, 
	volume={47}, 
	number={3}, 
	pages={469--474}, 
	year={1974}, 
	publisher={Blackwell Publishing Ltd Oxford, UK} 
	}

@article{lopez2014actividad, 
	title={Actividad antioxidante y enzim{\'a}tica de albahaca Nufar (Ocimum basilicum L.) almacenada en refrigeraci{\'o}n}, 
	author={L{\'o}pez-Blancas, Eduardo and Mart{\'\i}nez-Dami{\'a}n, Mar{\'\i}a Teresa and Colinas-Le{\'o}n, Mar{\'\i}a Teresa and Bautista-Ba{\~n}uelos, Cecilio and Mart{\'\i}nez-Sol{\'\i}s, Juan and Rodr{\'\i}guez-P{\'e}rez, Juan Enrique}, 
	journal={Agronom{\'\i}a Mesoamericana}, 
	volume={25}, 
	number={2}, 
	pages={256--265}, 
	year={2014}, 
	publisher={https://creativecommons. org/licenses/by-nc-nd/3.0/} 
	}
	
@article{chance1955136, 
	title={[136] Assay of catalases and peroxidases}, 
	author={Chance, Britton and Maehly, AC}, 
	year={1955}, 
	publisher={Elsevier} 
	}

@article{liu2010exogenous, 
	title={Exogenous hydrogen peroxide changes antioxidant enzyme activity and protects ultrastructure in leaves of two cucumber ecotypes under osmotic stress}, 
	author={Liu, Zhong-Jing and Guo, Yan-Kui and Bai, Ji-Gang}, 
	journal={Journal of plant growth regulation}, 
	volume={29}, 
	number={2}, 
	pages={171--183}, 
	year={2010}, 
	publisher={Springer} 
	}


@article{ma2009spectroscopic, 
	title={Spectroscopic study of 2-(2-pyridyliminomethyl) phenol as a novel fluorescent probe for superoxide anion radicals and superoxide dismutase activity}, 
	author={Ma, Shuhui and Mu, Wei and Gao, Jigang and Zhou, Jie}, 
	journal={Journal of fluorescence}, 
	volume={19}, 
	number={3}, 
	pages={487--493}, 
	year={2009}, 
	publisher={Springer} 
	}

@article{grimm2012oxidative, 
	title={Oxidative protein damage and the proteasome}, 
	author={Grimm, S and H{\"o}hn, A and Grune, T}, 
	journal={Amino acids}, 
	volume={42}, 
	number={1}, 
	pages={23--38}, 
	year={2012}, 
	publisher={Springer} 
	}

@article{gaschler2017lipid, 
	title={Lipid peroxidation in cell death}, 
	author={Gaschler, Michael M and Stockwell, Brent R}, 
	journal={Biochemical and biophysical research communications}, 
	volume={482}, 
	number={3}, 
	pages={419--425}, 
	year={2017}, 
	publisher={Elsevier} 
	}

@article{catala2016impact, 
	title={Impact of lipid peroxidation on the physiology and pathophysiology of cell membranes}, 
	author={Catal{\'a}, Angel and D{\'\i}az, Mario}, 
	journal={Frontiers in physiology}, 
	volume={7}, 
	pages={423}, 
	year={2016}, 
	publisher={Frontiers} 
	}

@article{farmer2013ros, 
	title={ROS-mediated lipid peroxidation and RES-activated signaling}, 
	author={Farmer, Edward E and Mueller, Martin J}, 
	journal={Annual review of plant biology}, 
	volume={64}, 
	pages={429--450}, 
	year={2013}, 
	publisher={Annual Reviews} 
	}

@article{masayasu1979simplified, 
	title={A simplified assay method of superoxide dismutase activity for clinical use}, 
	author={Masayasu, Minami and Hiroshi, Yoshikawa}, 
	journal={Clinica Chimica Acta}, 
	volume={92}, 
	number={3}, 
	pages={337--342}, 
	year={1979}, 
	publisher={Elsevier} 
	}
	
@article{kutschera2012brassinosteroid, 
	title={Brassinosteroid action in flowering plants: a Darwinian perspective}, 
	author={Kutschera, Ulrich and Wang, Zhi-Yong}, 
	journal={Journal of experimental botany}, 
	volume={63}, 
	number={10}, 
	pages={3511--3522}, 
	year={2012}, 
	publisher={Oxford University Press} 
	}

@article{anuradha2007effect, 
	title={The effect of brassinosteroids on radish (Raphanus sativus L.) seedlings growing under cadmium stress}, 
	author={Anuradha, S and Rao, SSR and others}, 
	journal={Plant Soil and Environment}, 
	volume={53}, 
	number={11}, 
	pages={465}, 
	year={2007}, 
	publisher={Citeseer} 
	}

@article{dhriti201424, 
	title={24-Epibrassinolide mediated changes in photosynthetic pigments and antioxidative defence system of radish seedlings under cadmium and mercury stress}, 
	author={Dhriti, Kapoor and Amandeep, Rattan and Vandana, Gautam and Nitika, Kapoor and Renu, Bhardwaj}, 
	journal={Journal of Stress Physiology \& Biochemistry}, 
	volume={10}, 
	number={3}, 
	year={2014}, 
	publisher={ИП Колесниченко ВВ} 
	}

@article{mahesh2013effect, 
	title={Effect of brassinosteroids on germination and seedling growth of radish (Raphanus sativus L.) under PEG-6000 induced water stress}, 
	author={Mahesh, Kommavarapu and Balaraju, Parshavaneni and Ramakrishna, Bellamkonda and Rao, Sadhu Seeta Ram}, 
	journal={American Journal of Plant Sciences}, 
	volume={2013}, 
	year={2013}, 
	publisher={Scientific Research Publishing} 
	}

@article{choudhary2012chromium, 
	title={Chromium stress mitigation by polyamine-brassinosteroid application involves phytohormonal and physiological strategies in Raphanus sativus L.}, 
	author={Choudhary, Sikander Pal and Kanwar, Mukesh and Bhardwaj, Renu and Yu, Jing-Quan and Tran, Lam-Son Phan}, 
	journal={PLoS One}, 
	volume={7}, 
	number={3}, 
	pages={e33210}, 
	year={2012}, 
	publisher={Public Library of Science} 
	}

@article{sharma2012effect, 
	title={Effect of 24-epibrassinolide on protein content and activities of glutathione-S-transferase and polyphenol oxidase in Raphanus sativus L. plants under cadmium and mercury metal stress}, 
	author={Sharma, Neha and Hundal, Gurjinder Singh and Sharma, Indu and Bhardwaj, Renu}, 
	journal={Terrestrial and Aquatic Environmental Toxicology}, 
	volume={6}, 
	number={1}, 
	pages={1--7}, 
	year={2012} 
	}

@article{ramakrishna2013preliminary, 
	title={Preliminary studies on the involvement of glutathione metabolism and redox status against zinc toxicity in radish seedlings by 28-Homobrassinolide}, 
	author={Ramakrishna, Bellamkonda and Rao, S Seeta Ram}, 
	journal={Environmental and experimental botany}, 
	volume={96}, 
	pages={52--58}, 
	year={2013}, 
	publisher={Elsevier} 
	}
	
@article{mithofer2012plant, 
	title={Plant defense against herbivores: chemical aspects}, 
	author={Mith{\"o}fer, Axel and Boland, Wilhelm}, 
	journal={Annual review of plant biology}, 
	volume={63}, 
	pages={431--450}, 
	year={2012}, 
	publisher={Annual Reviews} 
	}

@article{mithofer2016general, 
	title={General mechanisms of plant defense and plant toxins}, 
	author={Mith{\"o}fer, Axel and Maffei, Massimo Emilio and others}, 
	year={2016}, 
	publisher={Springer} 
	}
	
@article{trda2015perception, 
	title={Perception of pathogenic or beneficial bacteria and their evasion of host immunity: pattern recognition receptors in the frontline}, 
	author={Trd{\'a}, Lucie and Boutrot, Freddy and Claverie, Justine and Brul{\'e}, Daphn{\'e}e and Dorey, Stephan and Poinssot, Benoit}, 
	journal={Frontiers in plant science}, 
	volume={6}, 
	pages={219}, 
	year={2015}, 
	publisher={Frontiers} 
	}
	
@article{verma2016plant, 
	title={Plant hormone-mediated regulation of stress responses}, 
	author={Verma, Vivek and Ravindran, Pratibha and Kumar, Prakash P}, 
	journal={BMC plant biology}, 
	volume={16}, 
	number={1}, 
	pages={86}, 
	year={2016}, 
	publisher={Springer} 
	}

@article{fariduddin2014brassinosteroids, 
	title={Brassinosteroids and their role in response of plants to abiotic stresses}, 
	author={Fariduddin, Q and Yusuf, M and Ahmad, I and Ahmad, A}, 
	journal={Biologia Plantarum}, 
	volume={58}, 
	number={1}, 
	pages={9--17}, 
	year={2014}, 
	publisher={Springer} 
	}

@article{cao2005loss, 
	title={Loss-of-function mutations in DET2 gene lead to an enhanced resistance to oxidative stress in Arabidopsis}, 
	author={Cao, Shuqing and Xu, Qiaoting and Cao, Yajun and Qian, Kun and An, Kun and Zhu, Yong and Binzeng, Hu and Zhao, Huifang and Kuai, Benke}, 
	journal={Physiologia Plantarum}, 
	volume={123}, 
	number={1}, 
	pages={57--66}, 
	year={2005}, 
	publisher={Wiley Online Library} 
	}

@article{ogweno2008brassinosteroids, 
	title={Brassinosteroids alleviate heat-induced inhibition of photosynthesis by increasing carboxylation efficiency and enhancing antioxidant systems in Lycopersicon esculentum}, 
	author={Ogweno, Joshua Otieno and Song, Xing Shun and Shi, Kai and Hu, Wen Hai and Mao, Wei Hua and Zhou, Yan Hong and Yu, Jing Quan and Nogu{\'e}s, Salvador}, 
	journal={Journal of Plant Growth Regulation}, 
	volume={27}, 
	number={1}, 
	pages={49--57}, 
	year={2008}, 
	publisher={Springer} 
	}

@article{liu2009oxidative, 
	title={An oxidative stress response to polycyclic aromatic hydrocarbon exposure is rapid and complex in Arabidopsis thaliana}, 
	author={Liu, Hong and Weisman, David and Ye, Yuan-bei and Cui, Bo and Huang, Yan-he and Col{\'o}n-Carmona, Ad{\'a}n and Wang, Zong-hua}, 
	journal={Plant Science}, 
	volume={176}, 
	number={3}, 
	pages={375--382}, 
	year={2009}, 
	publisher={Elsevier} 
	}

@article{moller2001plant, 
	title={Plant mitochondria and oxidative stress: electron transport, NADPH turnover, and metabolism of reactive oxygen species}, 
	author={M{\o}ller, Ian M}, 
	journal={Annual review of plant biology}, 
	volume={52}, 
	number={1}, 
	pages={561--591}, 
	year={2001}, 
	publisher={Annual Reviews 4139 El Camino Way, PO Box 10139, Palo Alto, CA 94303-0139, USA} 
	}

@article{benezer2008produccion, 
	title={La producci{\'o}n de especies reactivas de ox{\'\i}geno durante la expresi{\'o}n de la resistencia a enfermedades en plantas}, 
	author={Benezer-Benezer, Micaela and Castro-Mercado, Elda and Garc{\'\i}a-Pineda, Ernesto}, 
	journal={Revista mexicana de fitopatolog{\'\i}a}, 
	volume={26}, 
	number={1}, 
	pages={56--61}, 
	year={2008}, 
	publisher={Sociedad Mexicana de Fitopatolog{\'\i}a AC} 
	}

@article{howe2008plant, 
	title={Plant immunity to insect herbivores}, 
	author={Howe, Gregg A and Jander, Georg}, 
	journal={Annu. Rev. Plant Biol.}, 
	volume={59}, 
	pages={41--66}, 
	year={2008}, 
	publisher={Annual Reviews} 
	}

@article{jones2006plant, 
	title={The plant immune system}, 
	author={Jones, Jonathan DG and Dangl, Jeffery L}, 
	journal={nature}, 
	volume={444}, 
	number={7117}, 
	pages={323--329}, 
	year={2006}, 
	publisher={Nature Publishing Group} 
	}

@article{grant2000role, 
	title={Role of reactive oxygen intermediates and cognate redox signaling in disease resistance}, 
	author={Grant, John J and Loake, Gary J}, 
	journal={Plant physiology}, 
	volume={124}, 
	number={1}, 
	pages={21--30}, 
	year={2000}, 
	publisher={Am Soc Plant Biol} 
	}

@article{nolan2020brassinosteroids, 
	title={Brassinosteroids: Multidimensional regulators of plant growth, development, and stress responses}, 
	author={Nolan, Trevor M and Vuka{\v{s}}inovi{\'c}, Nemanja and Liu, Derui and Russinova, Eugenia and Yin, Yanhai}, 
	journal={The Plant Cell}, 
	volume={32}, 
	number={2}, 
	pages={295--318}, 
	year={2020}, 
	publisher={Am Soc Plant Biol} 
	}

@article{bajguz2003chemical, 
	title={The chemical characteristic and distribution of brassinosteroids in plants}, 
	author={Bajguz, Andrzej and Tretyn, Andrzej}, 
	journal={Phytochemistry}, 
	volume={62}, 
	number={7}, 
	pages={1027--1046}, 
	year={2003}, 
	publisher={Elsevier} 
	}

@article{santos2018brassinosteroids, 
	title={Brassinosteroids mitigate cadmium toxicity in cowpea plants}, 
	author={Santos, LR and Batista, BL and Lobato, AKS}, 
	journal={Photosynthetica}, 
	volume={56}, 
	number={2}, 
	pages={591--605},
	year={2018}, 
	publisher={Springer}
	}

@article{yusuf2014brassinosteroid, 
	title={Brassinosteroid-mediated evaluation of antioxidant system and nitrogen metabolism in two contrasting cultivars of Vigna radiata under different levels of nickel}, 
	author={Yusuf, Mohammad and Fariduddin, Qazi and Ahmad, Iqbal and Ahmad, Aqil}, 
	journal={Physiology and Molecular Biology of Plants}, 
	volume={20}, 
	number={4}, 
	pages={449--460}, 
	year={2014}, 
	publisher={Springer} 
	}

@article{dalyan2018effect, 
	title={Effect of 24-epibrassinolide on antioxidative defence system against lead-induced oxidative stress in the roots of Brassica juncea L. seedlings}, 
	author={Dalyan, E and Y{\"u}zba{\c{s}}{\i}o{\u{g}}lu, E and Akp{\i}nar, I}, 
	journal={Russian Journal of Plant Physiology}, 
	volume={65}, 
	number={4}, 
	pages={570--578}, 
	year={2018}, 
	publisher={Springer} 
	}

@article{he2016epibrassinolide, 
	title={Epibrassinolide confers zinc stress tolerance by regulating antioxidant enzyme responses, osmolytes, and hormonal balance in Solanum melongena seedlings}, 
	author={He, Jie and Wang, Yijun and Ding, Haidong and Ge, Cailin}, 
	journal={Brazilian Journal of Botany}, 
	volume={39}, 
	number={1}, 
	pages={295--303}, 
	year={2016}, 
	publisher={Springer} 
	}

@article{arora2012effect, 
	title={Effect of 24-epibrassinolide on growth, protein content and antioxidative defense system of Brassica juncea L. subjected to cobalt ion toxicity}, 
	author={Arora, Priya and Bhardwaj, Renu and Kanwar, Mukesh Kumar}, 
	journal={Acta physiologiae plantarum}, 
	volume={34}, 
	number={5}, 
	pages={2007--2017}, 
	year={2012}, 
	publisher={Springer} 
	}

@article{hayat2010effect, 
	title={Effect of 28-homobrassinolide on photosynthesis, fluorescence and antioxidant system in the presence or absence of salinity and temperature in Vigna radiata}, 
	author={Hayat, Shamsul and Hasan, Syed Aiman and Yusuf, Mohammad and Hayat, Qaiser and Ahmad, Aqil}, 
	journal={Environmental and Experimental Botany}, 
	volume={69}, 
	number={2}, 
	pages={105--112}, 
	year={2010}, 
	publisher={Elsevier} 
	}

@article{mazorra2011heat, 
	title={Heat shock response in tomato brassinosteroid mutants indicates that thermotolerance is independent of brassinosteroid homeostasis}, 
	author={Mazorra, Luis Miguel and Holton, Nicholas and Bishop, Gerard J and N{\'u}{\~n}ez, Miriam}, 
	journal={Plant Physiology and Biochemistry}, 
	volume={49}, 
	number={12}, 
	pages={1420--1428}, 
	year={2011}, 
	publisher={Elsevier} 
	}

@article{fariduddin201128, 
	title={28-homobrassinolide improves growth and photosynthesis in Cucumis sativus L. through an enhanced antioxidant system in the presence of chilling stress}, 
	author={Fariduddin, Q and Yusuf, M and Chalkoo, S and Hayat, S and Ahmad, A}, 
	journal={Photosynthetica}, 
	volume={49}, 
	number={1}, 
	pages={55--64}, 
	year={2011}, 
	publisher={Springer} 
	}

@article{lima2017brassinosteroids, 
	title={Brassinosteroids improve photosystem II efficiency, gas exchange, antioxidant enzymes and growth of cowpea plants exposed to water deficit}, 
	author={Lima, JV and Lobato, AKS}, 
	journal={Physiology and molecular biology of plants}, 
	volume={23}, 
	number={1}, 
	pages={59--72}, 
	year={2017}, 
	publisher={Springer} 
	}

@article{anjum2011brassinolide, 
	title={Brassinolide application improves the drought tolerance in maize through modulation of enzymatic antioxidants and leaf gas exchange}, 
	author={Anjum, SA and Wang, LC and Farooq, M and Hussain, M and Xue, LL and Zou, CM}, 
	journal={Journal of Agronomy and crop science}, 
	volume={197}, 
	number={3}, 
	pages={177--185}, 
	year={2011}, 
	publisher={Wiley Online Library} 
	}

@article{el2012brassinolide, 
	title={Brassinolide alleviates salt stress and increases antioxidant activity of cowpea plants (Vigna sinensis)}, 
	author={El-Mashad, Ali Abdel Aziz and Mohamed, Heba Ibrahim}, 
	journal={Protoplasma}, 
	volume={249}, 
	number={3}, 
	pages={625--635}, 
	year={2012}, 
	publisher={Springer} 
	}

@article{ding2012amelioration, 
	title={Amelioration of salt-induced oxidative stress in eggplant by application of 24-epibrassinolide}, 
	author={Ding, H-D and Zhu, X-H and Zhu, Z-W and Yang, S-J and Zha, D-S and Wu, X-X}, 
	journal={Biologia plantarum}, 
	volume={56}, 
	number={4}, 
	pages={767--770}, 
	year={2012}, 
	publisher={Springer} 
	}


@article{alyemeni2014effect, 
	title={Effect of salicylic acid on the growth, photosynthetic efficiency and enzyme activities of leguminous plant under cadmium stress}, 
	author={Alyemeni, Mohammed Naseer and Hayat, Qaiser and Wijaya, Leonard and Hayat, Shamsul}, 
	journal={Notulae Botanicae Horti Agrobotanici Cluj-Napoca}, 
	volume={42}, 
	number={2}, 
	pages={440--445}, 
	year={2014} 
	}

@article{mutlu2013protective, 
	title={Protective role of salicylic acid applied before cold stress on antioxidative system and protein patterns in barley apoplast}, 
	author={Mutlu, Salih and Karada{\u{g}}o{\u{g}}lu, {\"O} and Atici, {\"O}kke{\c{s}} and Nalbanto{\u{g}}lu, Barbaros}, 
	journal={Biologia Plantarum}, 
	volume={57}, 
	number={3}, 
	pages={507--513}, 
	year={2013}, 
	publisher={Springer} 
	}

@article{alam2013exogenous, 
	title={Exogenous salicylic acid ameliorates short-term drought stress in mustard (Brassica juncea L.) seedlings by up-regulating the antioxidant defense and glyoxalase system}, 
	author={Alam, Md Mahabub and Hasanuzzaman, Mirza and Nahar, Kamrun and Fujita, Masayuki}, 
	journal={Australian Journal of Crop Science}, 
	volume={7}, 
	number={7}, 
	pages={1053}, 
	year={2013}, 
	publisher={Southern Cross Publisher} 
	}

@article{fayez2014improving, 
	title={Improving drought and salinity tolerance in barley by application of salicylic acid and potassium nitrate}, 
	author={Fayez, Khalaf Ali and Bazaid, Salih Ali}, journal={Journal of the Saudi Society of Agricultural Sciences}, 
	volume={13}, 
	number={1}, 
	pages={45--55}, 
	year={2014}, 
	publisher={Elsevier} 
	}
	
@article{ruley2004antioxidant, 
	title={Antioxidant defense in a lead accumulating plant, Sesbania drummondii}, 
	author={Ruley, A Thomas and Sharma, Nilesh C and Sahi, Shivendra V}, 
	journal={Plant Physiology and Biochemistry}, 
	volume={42}, 
	number={11}, 
	pages={899--906}, 
	year={2004}, 
	publisher={Elsevier} 
	}	

@article{bishop2001plants,
	title={Plants steroid hormones, brassinosteroids: current highlights of molecular aspects on their synthesis/metabolism, transport, perception and response}, 
	author={Bishop, Gerard J and Yokota, Takao}, 
	journal={Plant and Cell Physiology}, 
	volume={42}, 
	number={2}, 
	pages={114--120}, 
	year={2001}, 
	publisher={Oxford University Press} 
	}
	
@article{bajguz2020comprehensive, 
	title={Comprehensive Overview of the Brassinosteroid Biosynthesis Pathways: Substrates, Products, Inhibitors, and Connections}, 
	author={Bajguz, Andrzej and Chmur, Magdalena and Gruszka, Damian}, 
	journal={Frontiers in plant science}, 
	volume={11}, 
	pages={1034}, 
	year={2020}, 
	publisher={Frontiers} 
	}

@article{raskin1992salicylate, 
	title={Salicylate, a new plant hormone}, 
	author={Raskin, Ilya}, 
	journal={Plant physiology}, 
	volume={99}, 
	number={3}, 
	pages={799}, 
	year={1992}, 
	publisher={American Society of Plant Biologists} 
	}

@article{glazebrook2005contrasting, 
	title={Contrasting mechanisms of defense against biotrophic and necrotrophic pathogens}, 
	author={Glazebrook, Jane}, 
	journal={Annu. Rev. Phytopathol.}, 
	volume={43}, 
	pages={205--227}, 
	year={2005}, 
	publisher={Annual Reviews} 
	}

@article{bowler1994superoxide, 
	title={Superoxide dismutase in plants}, 
	author={Bowler, Chris and Van Camp, Wim and Van Montagu, Marc and Inz{\'e}, Dirk and Asada, Kozi}, 
	journal={Critical Reviews in Plant Sciences}, 
	volume={13}, 
	number={3}, 
	pages={199--218}, 
	year={1994}, 
	publisher={Taylor \& Francis} 
	}

@article{mccord1969superoxide, 
	title={Superoxide dismutase an enzymic function for erythrocuprein (hemocuprein)}, 
	author={McCord, Joe M and Fridovich, Irwin}, 
	journal={Journal of Biological chemistry}, 
	volume={244}, 
	number={22}, 
	pages={6049--6055}, 
	year={1969}, 
	publisher={ASBMB} 
	}

@article{takahashi1983superoxide, 
	title={Superoxide anion permeability of phospholipid membranes and chloroplast thylakoids}, 
	author={Takahashi, Masa-Aki and Asada, Kozi}, 
	journal={Archives of Biochemistry and Biophysics}, 
	volume={226}, 
	number={2}, 
	pages={558--566}, 
	year={1983}, 
	publisher={Elsevier} 
	}

@article{munoz2005crystal, 
	title={The crystal structure of an eukaryotic iron superoxide dismutase suggests intersubunit cooperation during catalysis}, 
	author={Mu{\~n}oz, In{\'e}s G and Moran, Jose F and Becana, Manuel and Montoya, Guillermo}, 
	journal={Protein Science}, 
	volume={14}, 
	number={2}, 
	pages={387--394}, 
	year={2005}, 
	publisher={Wiley Online Library} 
	}

@article{lerch1983neurospora, 
	title={Neurospora tyrosinase: structural, spectroscopic and catalytic properties}, 
	author={Lerch, Konrad}, 
	journal={Molecular and cellular biochemistry}, 
	volume={52}, 
	number={2}, 
	pages={125--138}, 
	year={1983}, 
	publisher={Springer} 
	}

@article{marshall2000enzymatic, 
	title={Enzymatic browning in fruits, vegetables and seafoods}, 
	author={Marshall, Maurice R and Kim, Jeongmok and Wei, C}, 
	journal={FAO, Rome}, 
	volume={49}, 
	year={2000} 
	}

@article{mayer2006polyphenol, 
	title={Polyphenol oxidases in plants and fungi: going places? A review}, 
	author={Mayer, Alfred M}, 
	journal={Phytochemistry}, 
	volume={67}, 
	number={21}, 
	pages={2318--2331}, 
	year={2006}, 
	publisher={Elsevier} 
	}

@article{queiroz2008polyphenol, 
	title={Polyphenol oxidase: characteristics and mechanisms of browning control}, 
	author={Queiroz, Christiane and Mendes Lopes, Maria Lucia and Fialho, Eliane and Valente-Mesquita, Vera Lucia}, 
	journal={Food reviews international}, 
	volume={24}, 
	number={4}, 
	pages={361--375}, 
	year={2008}, 
	publisher={Taylor \& Francis} 
	}

@article{kumar2008purification, 
	title={Purification and kinetic characterization of polyphenol oxidase from Barbados cherry (Malpighia glabra L.)}, 
	author={Kumar, VB Anil and Mohan, TC Kishor and Murugan, K}, 
	journal={Food Chemistry}, 
	volume={110}, 
	number={2}, 
	pages={328--333}, 
	year={2008}, 
	publisher={Elsevier} 
	}

@article{huber1985primary, 
	title={Primary structure of tyrosinase from Streptomyces glaucescens}, 
	author={Huber, Marcel and Hintermann, Gilberto and Lerch, Konrad}, 
	journal={Biochemistry},
	volume={24}, 
	number={22}, 
	pages={6038--6044}, 
	year={1985}, 
	publisher={ACS Publications} 
	}

@article{nicolas1994enzymatic, 
	title={Enzymatic browning reactions in apple and apple products}, 
	author={Nicolas, Jacques J and Richard-Forget, Florence C and Goupy, Pascale M and Amiot, Marie-Jos{\`e}phe and Aubert, Serge Y}, 
	journal={Critical Reviews in Food Science \& Nutrition}, 
	volume={34}, 
	number={2}, 
	pages={109--157}, 
	year={1994}, 
	publisher={Taylor \& Francis} 
	}

@article{mayer1979polyphenol, 
	title={Polyphenol oxidases in plants}, 
	author={Mayer, Alfred M and Harel, Eitan}, 
	journal={Phytochemistry}, 
	volume={18}, 
	number={2}, 
	pages={193--215}, 
	year={1979}, 
	publisher={Elsevier}
	}


@article{macheix1990phenolic, 
	title={Phenolic compounds in fruit processing}, 
	author={Macheix, JJ and Fleuriet, A and Billot, J}, 
	journal={Fruit phenolics}, 
	volume={1}, 
	pages={295--358}, 
	year={1990}, 
	publisher={CRC Press: Boca Raton, FL} 
	}

@article{vaughn1988polyphenol, 
	title={Polyphenol oxidase: the chloroplast oxidase with no established function}, 
	author={Vaughn, Kevin C and Lax, Alan R and Duke, Stephen O}, 
	journal={Physiologia Plantarum}, 
	volume={72}, 
	number={3}, 
	pages={659--665}, 
	year={1988}, 
	publisher={Wiley Online Library} 
	}

@article{constabel1995systemin, 
	title={Systemin activates synthesis of wound-inducible tomato leaf polyphenol oxidase via the octadecanoid defense signaling pathway.}, 
	author={Constabel, C Peter and Bergey, Daniel R and Ryan, Clarence A}, 
	journal={Proceedings of the National Academy of Sciences}, 
	volume={92}, 
	number={2}, 
	pages={407--411}, 
	year={1995}, 
	publisher={National Acad Sciences} 
	}

@article{maki2006development, 
	title={Development of polyphenol oxidase activity in the micropylar endosperm of tomato seeds}, 
	author={Maki, Hisae and Morohashi, Yukio}, 
	journal={Journal of plant physiology}, 
	volume={163}, 
	number={1}, 
	pages={1--10}, 
	year={2006}, 
	publisher={Elsevier} 
	}

@article{sharma2010regulation, 
	title={Regulation of growth and antioxidant enzyme activities by 28-homobrassinolide in seedlings of Raphanus sativus L. under cadmium stress}, 
	author={Sharma, Indu and Pati, Pratap Kumar and Bhardwaj, Renu}, 
	year={2010}, 
	publisher={CSIR} 
	}

@article{luhova2003activities, 
	title={Activities of amine oxidase, peroxidase and catalase in seedlings of Pisum sativum L. under different light conditions}, 
	author={Luhova, L and Lebeda, A and Hedererov{\'a}, D and Pec, P}, 
	journal={Plant soil and environment}, 
	volume={49}, 
	number={4}, 
	pages={151--157}, 
	year={2003}, 
	publisher={Institute of Agricultural and Food Information} 
	}

@article{deisseroth1970catalase, 
	title={Catalase: Physical and chemical properties, mechanism of catalysis, and physiological role.}, 
	author={Deisseroth, ALBERT and Dounce, ALEXANDER L}, 
	journal={Physiological reviews}, 
	volume={50}, 
	number={3}, 
	pages={319--375}, 
	year={1970} 
	}
	
@article{dounce1983proposed, 
	title={A proposed mechanism for the catalatic ation of catalase}, 
	author={Dounce, Alexander L}, 
	journal={Journal of theoretical biology}, 
	volume={105}, 
	number={4}, 
	pages={553--567}, 
	year={1983}, 
	publisher={Elsevier} 
	}

@article{scandalios1997catalases, 
	title={Catalases in plants: gene structure, properties, regulation, and expression}, 
	author={Scandalios, John G and Guan, Lingqiang and Polidoros, Alexios N}, 
	journal={Cold Spring Harbor Monograph Series}, 
	volume={34}, 
	pages={343--406}, 
	year={1997}, 
	publisher={CSH COLD SPRING HARBOR LABORATORY PRESS} 
	}

@article{gao1998mechanism, 
	title={Mechanism of pyrogallol autoxidation and determination of superoxide dismutase enzyme activity}, 
	author={Gao, Ruomei and Yuan, Zhuobin and Zhao, Zhiqiang and Gao, Xiurui}, 
	journal={Bioelectrochemistry and Bioenergetics}, 
	volume={45}, 
	number={1}, 
	pages={41--45}, 
	year={1998}, publisher={Elsevier} 
	}

@article{ramasarma2015new, 
	title={New insights of superoxide dismutase inhibition of pyrogallol autoxidation}, 
	author={Ramasarma, T and Rao, Aparna VS and Devi, M Maya and Omkumar, RV and Bhagyashree, KS and Bhat, SV}, 
	journal={Molecular and cellular biochemistry}, 
	volume={400}, 
	number={1-2}, 
	pages={277--285}, 
	year={2015}, 
	publisher={Springer} 
	}

@article{zhang2016optimization, 
	title={Optimization of pyrogallol autoxidation conditions and its application in evaluation of superoxide anion radical scavenging capacity for four antioxidants}, 
	author={Zhang, Qing-An and Wang, Xi and Song, Yun and Fan, Xue-Hui and gArc{\'\i}A MArt{\'\i}n, JuAn FrAnciSco}, 
	journal={Journal of AOAC International}, volume={99}, 
	number={2}, 
	pages={504--511}, 
	year={2016}, 
	publisher={Oxford University Press} 
	}

@article{motulsky2007prism, 
	title={Prism 5 statistics guide, 2007}, 
	author={Motulsky, HJ}, 
	journal={GraphPad Software}, 
	volume={31}, 
	number={1}, 
	pages={39--42}, 
	year={2007} 
	}

@article{hammer2001past, 
	title={PAST: Paleontological statistics software package for education and data analysis}, 
	author={Hammer, {\O}yvind and Harper, David AT and Ryan, Paul D and others}, 
	journal={Palaeontologia electronica}, 
	volume={4}, 
	number={1}, 
	pages={9}, 
	year={2001}, 
	publisher={Lawrence} 
	}

@article{misra1972role, 
	title={The role of superoxide anion in the autoxidation of epinephrine and a simple assay for superoxide dismutase}, 
	author={Misra, Hara P and Fridovich, Irwin}, 
	journal={Journal of Biological chemistry}, 
	volume={247}, 
	number={10}, 
	pages={3170--3175}, 
	year={1972}, 
	publisher={ASBMB} 
	}

@article{chavez1990temas, 
	title={Temas de enzimolog{\'\i}a}, 
	author={Ch{\'a}vez, MA and D{\'\i}az, J and P{\'e}rez, U and Delf{\'\i}n, J}, 
	journal={Min. Educaci{\'o}n Superior}, 
	volume={567}, 
	year={1990}
	}

@article{das1992sodium, 
	title={Sodium chloride salt stress induced metabolic changes in callus cultures of pearl millet (Pennisetum glaucum (L.) R. Br.): Oxidases}, 
	author={Das, Namita and Misra, M}, 
	journal={PROCEEDINGS-NATIONAL ACADEMY OF SCIENCES INDIA SECTION B}, 
	pages={263--263}, 
	year={1992}, 
	publisher={NATIONAL ACADEMY OF SCIENCES, INDIA} 
	}

@article{sheen1969studies, 
	title={Studies on polyphenol content, activities and isozymes of polyphenol oxidase and peroxidase during air-curing in three tobacco types}, 
	author={Sheen, SJ and Calvert, J}, 
	journal={Plant physiology}, 
	volume={44}, 
	number={2}, 
	pages={199--204}, 
	year={1969}, 
	publisher={Am Soc Plant Biol} 
	}

@article{bardoel2011molecular, 
	title={Molecular battle between host and bacterium: recognition in innate immunity}, 
	author={Bardoel, Bart W and van Strijp, Jos AG}, 
	journal={Journal of Molecular Recognition}, 
	volume={24}, 
	number={6}, 
	pages={1077--1086}, 
	year={2011}, 
	publisher={Wiley Online Library} 
	}

@article{de2010conserved, 
	title={Conserved fungal LysM effector Ecp6 prevents chitin-triggered immunity in plants}, 
	author={De Jonge, Ronnie and Van Esse, H Peter and Kombrink, Anja and Shinya, Tomonori and Desaki, Yoshitake and Bours, Ralph and Van Der Krol, Sander and Shibuya, Naoto and Joosten, Matthieu HAJ and Thomma, Bart PHJ}, 
	journal={science}, 
	volume={329}, 
	number={5994}, 
	pages={953--955}, 
	year={2010}, 
	publisher={American Association for the Advancement of Science} 
	}

@article{pieterse2009networking, 
	title={Networking by small-molecule hormones in plant immunity}, 
	author={Pieterse, Corn{\'e} MJ and Leon-Reyes, Antonio and Van der Ent, Sjoerd and Van Wees, Saskia CM}, 
	journal={Nature chemical biology}, 
	volume={5}, 
	number={5}, 
	pages={308--316}, 
	year={2009}, 
	publisher={Nature Publishing Group} 
	}

@article{pind1994enzymic, 
	title={Enzymic degradation of phenolic materials in peatlands—measurement of phenol oxidase activity}, 
	author={Pind, A and Freeman, C and Lock, MA}, 
	journal={Plant and Soil}, 
	volume={159}, 
	number={2}, 
	pages={227--231}, 
	year={1994}, 
	publisher={Springer} 
	}

@article{freeman2008overview, 
	title={An overview of plant defenses against pathogens and herbivores}, 
	author={Freeman, Brian C and Beattie, Gwyn A}, 
	journal={The Plant Health Instructor}, 
	year={2008} 
	}
	
@article{vivanco2005mecanismos, 
	title={Mecanismos qu{\'\i}micos de defensa en las plantas}, 
	author={Vivanco, Jorge M and Cosio, Eric and Loyola-Vargas, V{\'\i}ctor M and Flores, H{\'e}ctor E and others}, 
	journal={Investigaci{\'o}n y ciencia}, 
	volume={341}, 
	number={2}, 
	pages={68--75}, 
	year={2005} 
	}



@article{hadwan2018simple, 
	title={Simple spectrophotometric assay for measuring catalase activity in biological tissues}, 
	author={Hadwan, Mahmoud Hussein}, 
	journal={BMC biochemistry}, 
	volume={19}, 
	number={1}, 
	pages={7}, 
	year={2018}, 
	publisher={Springer} 
	}
	
@article{martinez2013actividad, 
	title={Actividad enzim{\'a}tica y capacidad antioxidante en menta (Mentha piperita L.) almacenada bajo refrigeraci{\'o}n}, 
	author={Mart{\'\i}nez-Dami{\'a}n, Mar{\'\i}a Teresa and Cruz-{\'A}lvarez, Oscar and Beryl Colinas-Le{\'o}n, Mar{\'\i}a Teresa and Rodr{\'\i}guez-P{\'e}rez, Juan Enrique and Ram{\'\i}rez-Ram{\'\i}rez, Sweetia Paulina}, 
	journal={Agronom{\'\i}a Mesoamericana}, 
	volume={24}, 
	number={1}, 
	pages={57--69}, 
	year={2013},
	 publisher={https://creativecommons. org/licenses/by-nc-nd/3.0/} 
	 }

@article{gill2015superoxide, 
	title={Superoxide dismutase—mentor of abiotic stress tolerance in crop plants}, 
	author={Gill, Sarvajeet Singh and Anjum, Naser A and Gill, Ritu and Yadav, Sandeep and Hasanuzzaman, Mirza and Fujita, Masayuki and Mishra, Panchanand and Sabat, Surendra C and Tuteja, Narendra}, 
	journal={Environmental Science and Pollution Research}, 
	volume={22}, 
	number={14}, 
	pages={10375--10394}, 
	year={2015}, 
	publisher={Springer} 
	}

@article{xie2019roles, 
	title={The roles of environmental factors in regulation of oxidative stress in plant}, 
	author={Xie, Xiulan and He, Zhouqing and Chen, Nifan and Tang, Zizhong and Wang, Qiang and Cai, Yi}, 
	journal={BioMed research international}, 
	volume={2019}, 
	year={2019}, 
	publisher={Hindawi} 
	}


%tesis

@phdthesis{narvaez2002evaluacion, 
	title={Evaluaci{\'o}n del comportamiento fisiol{\'o}gico del fruto de uva caimarona (Pourouma cecropiifolia) a temperatura ambiente ya temperaturas de refrigeraci{\'o}n}, 
	author={Narv{\'a}ez, CCE}, 
	year={2002}, 
	school={Tesis de Maestr{\'\i}a. Departamento de Qu{\'\i}mica, Facultad de Ciencias~…} 
	}
	

%libros
@book{buchanan2015biochemistry, 
	author={Buchanan, Bob B and Gruissem, Wilhelm and Jones, Russell L},
	title={Biochemistry and molecular biology of plants},  
	year={2015}, 
    pages={--}, 
	publisher={John Wiley \& Sons},
	journal = {John Wiley \& Sons} 
	}	
	
@book{taiz2017fisiologia, 
	title={Fisiologia e desenvolvimento vegetal}, 
	author={Taiz, Lincoln and Zeiger, Eduardo and M{\o}ller, Ian Max and Murphy, Angus}, 
	year={2017}, 
	publisher={Artmed Editora} 
	}



%incollection	
@incollection{elstner1987metabolism, 
	title={Metabolism of activated oxygen species}, author={Elstner, ERICH F}, 
	booktitle={Biochemistry of metabolism}, 
	pages={253--315}, 
	year={1987}, 
	publisher={Elsevier},
	journal={Elsevier}
	}

@incollection{corpas2015production, 
	title={Production sites of reactive oxygen species (ROS) in organelles from plant cells}, 
	author={Corpas, Francisco J and Gupta, Dharmendra K and Palma, Jos{\'e} M}, 
	booktitle={Reactive oxygen species and oxidative damage in plants under stress}, 
	pages={1--22}, 
	year={2015}, 
	publisher={Springer}
	}
	
@incollection{kruger2009bradford, 
	title={The Bradford method for protein quantitation}, 
	author={Kruger, Nicholas J}, 
	booktitle={The protein protocols handbook}, 
	pages={17--24}, 
	year={2009}, 
	publisher={Springer} 
	}

@incollection{nath2017reactive, 
	title={Reactive oxygen species (ROS) metabolism and signaling in plant-mycorrhizal association under biotic and abiotic stress conditions}, 
	author={Nath, Manoj and Bhatt, Deepesh and Prasad, Ram and Tuteja, Narendra}, 
	booktitle={Mycorrhiza-eco-physiology, secondary metabolites, nanomaterials}, 
	pages={223--232}, 
	year={2017}, 
	publisher={Springer} 
	}

@incollection{reginato2015role, 
	title={Role of polyphenols as antioxidants in native species from argentina under drought and salinization}, 
	author={Reginato, Mariana and Varela, Celeste and Cenzano, Ana M and Luna, Virginia}, 
	booktitle={Reactive oxygen species and oxidative damage in plants under stress}, 
	pages={247--267}, 
	year={2015}, 
	publisher={Springer} 
	}
	
@incollection{yusuf2019interplay, 
	title={Interplay Between Antioxidant Enzymes and Brassinosteroids in Control of Plant Development and Stress Tolerance}, 
	author={Yusuf, Mohammad and Fariduddin, Qazi and Khan, Tanveer Alam and Faizan, Mohammad and Faraz, Ahmad}, 
	booktitle={Brassinosteroids: Plant Growth and Development}, 
	pages={323--348}, 
	year={2019}, 
	publisher={Springer} 
	}

@incollection{zullo2019brassinosteroids, 
	title={The brassinosteroids family--structural diversity of natural compounds and their precursors}, 
	author={Zullo, Marco Antonio Teixeira and Bajguz, Andrzej}, 
	booktitle={Brassinosteroids: Plant Growth and Development}, 
	pages={1--44}, 
	year={2019}, 
	publisher={Springer} 
	}
	
@incollection{jukanti2017distribution, 
	title={Distribution, localization, and structure of plant polyphenol oxidases (PPOs)}, 
	author={Jukanti, Aravind}, 
	booktitle={Polyphenol oxidases (PPOs) in plants}, 
	pages={11--32}, 
	year={2017}, 
	publisher={Springer} 
	}
	
@incollection{aebi198413, 
	title={[13] Catalase in vitro}, 
	author={Aebi, Hugo}, 
	booktitle={Methods in enzymology}, 
	volume={105}, 
	pages={121--126}, 
	year={1984}, 
	publisher={Elsevier} 
	}
